<?xml version="1.0" encoding="UTF-8"?><record xmlns="http://www.loc.gov/MARC21/slim" xmlns:cinclude="http://apache.org/cocoon/include/1.0" xmlns:zs="http://www.loc.gov/zing/srw/">
  <leader>00453nz  a2200133n  4500</leader>
  <controlfield tag="001">nr 90027882 </controlfield>
  <controlfield tag="003">DLC</controlfield>
  <controlfield tag="005">19901214060534.4</controlfield>
  <controlfield tag="008">901211n| acannaab|          |a aaa     c</controlfield>
  <datafield tag="010" ind1=" " ind2=" ">
    <subfield code="a">nr 90027882 </subfield>
  </datafield>
  <datafield tag="040" ind1=" " ind2=" ">
    <subfield code="a">NjP</subfield>
    <subfield code="c">NjP</subfield>
  </datafield>
  <datafield tag="100" ind1="1" ind2="0">
    <subfield code="a">Mause, Frank</subfield>
  </datafield>
  <datafield tag="400" ind1="1" ind2="0">
    <subfield code="a">Maus, Frank</subfield>
  </datafield>
  <datafield tag="670" ind1=" " ind2=" ">
    <subfield code="a">Kahn, E.I. Three inventions [SR] p1988:</subfield>
    <subfield code="b">container (Frank Mause, piano) booklet, p. 5 (Frank Maus; German pianist &amp; composer; teacher at Fine Arts College in Berlin since 1983)</subfield>
  </datafield>
</record>